





@article{doi:10.1063/1.4774084,
author = {Mickel,Walter  and Kapfer,Sebastian C.  and Schr√∂der-Turk,Gerd E.  and Mecke,Klaus },
title = {Shortcomings of the bond orientational order parameters for the analysis of disordered particulate matter},
journal = {The Journal of Chemical Physics},
volume = {138},
number = {4},
pages = {044501},
year = {2013},
doi = {10.1063/1.4774084},

URL = { 
        https://doi.org/10.1063/1.4774084
    
},
eprint = { 
        https://doi.org/10.1063/1.4774084
    
}

}


