@article{doi:10.1063/1.3211248,
author = {Diez,Javier A.  and Gonz√°lez,Alejandro G.  and Kondic,Lou },
title = {On the breakup of fluid rivulets},
journal = {Physics of Fluids},
volume = {21},
number = {8},
pages = {082105},
year = {2009},
doi = {10.1063/1.3211248},
URL = {https://doi.org/10.1063/1.3211248},
eprint = {https://doi.org/10.1063/1.3211248}
}


